<?xml version="1.0" encoding="UTF-8"?><collection xmlns="http://www.loc.gov/MARC21/slim"><record><leader>00543nam--2200193-i-4500</leader><controlfield tag="001">000023167</controlfield><controlfield tag="002">20161230</controlfield><controlfield tag="005">20170115234038</controlfield><controlfield tag="008">060222s1000------------r-----000-0-eng-d</controlfield><datafield ind1=" " ind2=" " tag="040"><subfield code="a">IFIN-HH</subfield></datafield><datafield ind1=" " ind2=" " tag="080"><subfield code="a">621.382</subfield></datafield><datafield ind1="1" ind2=" " tag="100"><subfield code="a">Morgan</subfield></datafield><datafield ind1="1" ind2="0" tag="245"><subfield code="a">The Wykeham science series. Vol. 20 Solid state electronic devices</subfield><subfield code="c">D.V. Morgan, M.J. Howes</subfield></datafield><datafield ind1=" " ind2=" " tag="260"><subfield code="a">London</subfield><subfield code="b">Wykeham Publishing Ltd</subfield><subfield code="c">1972</subfield></datafield><datafield ind1=" " ind2=" " tag="300"><subfield code="a">XII + 190 p</subfield></datafield><datafield ind1=" " ind2=" " tag="490"><subfield code="a">The Wykeham Science Series</subfield></datafield><datafield ind1="1" ind2=" " tag="700"><subfield code="a">Howes, M.J</subfield></datafield><datafield ind1=" " ind2=" " tag="852"><subfield code="a">32608</subfield><subfield code="c">53</subfield></datafield><datafield ind1=" " ind2=" " tag="CAT"><subfield code="a">SYS</subfield><subfield code="c">20170115</subfield><subfield code="h">234038</subfield></datafield></record></collection>